%% This BibTeX bibliography file was created using BibDesk.
%% http://bibdesk.sourceforge.net/


%% Created for Jerome at 2014-05-13 03:49:22 +0100 

%% Saved with string encoding Unicode (UTF-8) 
%% ------------------------------------------------------------------
%% 								URLs 
%% ------------------------------------------------------------------
@webpage{MerriamWebster2017OptimizationDefinition,
Author = {Merriam Webster Online},
Date-Added = {2018-05-20 18:11:13 +0000},
Date-Modified = {2018-05-20 18:14:51 +0000},
Title = {{Merriam Webster Online - Optimization Definition}},
Url = {https://www.merriam-webster.com/dictionary/optimization},
Year = {2018}}

% GRASSHOPPER
@url{GRASSHOPPER,
	Author = {{David G. Rutten}},
	Date-Added = {2019-01-31 18:17:41 +0000},
	Date-Modified = {2019-01-31 18:25:43 +0000},
	Title = {{Grasshopper: Generative Modeling for Rhino}},
	Url = {https://www.grasshopper3d.com/},
	Year = {2007},
	Bdsk-Url-1 = {https://www.grasshopper3d.com/}}
	
% DYNAMOBIM
@url{DYNAMOBIM,
	Author = {{Ian Keough}},
	Date-Added = {2019-01-31 18:17:41 +0000},
	Date-Modified = {2019-01-31 18:25:43 +0000},
	Title = {{Dynamo BIM}},
	Url = {https://dynamobim.org/},
	Year = {2011},
	Bdsk-Url-1 = {https://dynamobim.org/}}

% GALAPAGOS
@url{GALAPAGOS,
	Author = {{David G. Rutten}},
	Date-Added = {2019-01-25 18:17:41 +0000},
	Date-Modified = {2019-01-25 18:25:43 +0000},
	Title = {{Galapagos - an optimization solver component}},
	Url = {https://www.grasshopper3d.com/group/galapagos},
	Year = {2010},
	Bdsk-Url-1 = {https://www.grasshopper3d.com/group/galapagos}}

% GOAT
@url{GOAT,
	Author = {{Simon Fl√∂ry}},
	Date-Added = {2019-01-25 18:17:41 +0000},
	Date-Modified = {2019-01-25 18:25:43 +0000},
	Title = {{Goat - an optimization solver component}},
	Url = {https://www.rechenraum.com/en/goat.html},
	Year = {2019},
	Bdsk-Url-1 = {https://www.rechenraum.com/en/goat.html}}

% NLOPT
@url{NLOPT,
	Author = {{Steven G. Johnson}},
	Date-Added = {2010-01-01 18:17:41 +0000},
	Date-Modified = {2019-01-23 18:25:43 +0000},
	Title = {{The NLopt nonlinear-optimization package}},
	Url = {http://ab-initio.mit.edu/nlopt},
	Year = {2010},
	Bdsk-Url-1 = {http://ab-initio.mit.edu/nlopt}}

% Octopus
@phdthesis{OCTOPUS,
author = {Vierlinger, Robert},
doi = {10.13140/RG.2.1.3401.0324},
title = {{Multi Objective Design Interface}},
year = {2013}}

% Optimo
@inproceedings{OPTIMO,
author = {Zarrinmehr, Saied and Yan, Wei},
booktitle = {33rd eCAADe},
mendeley-groups = {Articles/Architecture/Generic Optimization/Optimizers/Multi-Objective},
title = {{Optimo : A BIM-based Multi-Objective Optimization Tool Utilizing Visual Programming for High Performance Building Design Optimo : A BIM-based Multi-Objective Optimization Tool Utilizing Visual Programming for High Performance}},
year = {2015}}


% RBFOPT
@article{RBFOPT,
author = {Costa, Alberto and Nannicini, Giacomo},
journal = {Optimization online no.4538},
keywords = {basis function,black-box optimization,derivative free optimization,mixed-integer nonlinear programming,open-source software,radial},
title = {{RBFOpt : an open-source library for black-box optimization with costly function evaluations}},
year = {2014}}


%% ------------------------------------------------------------------
%% 								Books 
%% ------------------------------------------------------------------
% Brownlee
@book{Brownlee2011,
archivePrefix = {arXiv},
arxivId = {arXiv:1011.1669v3},
author = {Brownlee, Jason},
booktitle = {Search},
doi = {10.1017/CBO9781107415324.004},
eprint = {arXiv:1011.1669v3},
isbn = {9781446785065},
issn = {0269-2821},
mendeley-groups = {Books},
pages = {436},
pmid = {25246403},
title = {{Clever Algorithms}},
url = {http://www.cleveralgorithms.com},
year = {2011}}


% Conn
@book{Conn2009,
author = {Conn, Andrew R. and Scheinberg, Katya and Vicente, Luis N.},
doi = {10.1137/1.9780898718768},
isbn = {1584504641},
mendeley-groups = {Books},
title = {{Introduction to Derivative-Free Optimization}},
year = {2009}}

% Glover
@book{Glover2003Metaheuristics,
author = {Glover, Fred and Kochenberger, Gary A.},
booktitle = {Journal of Chemical Information and Modeling},
doi = {10.1017/CBO9781107415324.004},
eprint = {arXiv:1011.1669v3},
file = {:C$\backslash$:/Users/catar/OneDrive/IST/Mestrado/2ano/Thesis/Books/Glover, Kochenberger - 2003 - Handbook of Metaheuristics.pdf:pdf},
isbn = {9788578110796},
issn = {1098-6596},
keywords = {icle},
mendeley-groups = {Books},
number = {9},
pages = {1689--1699},
pmid = {25246403},
title = {{Handbook of Metaheuristics}},
volume = {53},
year = {2003}}

% Goldberg
@book{Golberg1989,
author = {Golberg, David E},
doi = {10.1007/3-540-44673-7},
isbn = {0-201-15767-5},
mendeley-groups = {Articles/Architecture/Metaheuristics},
pages = {412},
publisher = {Addison-Wesley Longman Publishing Co.},
title = {{Genetic Algorithms in Search Optimization {\&} Machine Learning}},
year = {1989}}

% Holland
@book{Holland1992,
 author = {Holland, John H.},
 title = {Adaptation in Natural and Artificial Systems: An Introductory Analysis with Applications to Biology, Control and Artificial Intelligence},
 year = {1992},
 isbn = {0262082136},
 publisher = {MIT Press},
 address = {Cambridge, MA, USA}
} 

% Kestelier 
@book{Kestelier2013,
author = {De Kestelier, Xavier and Peters, Brady},
journal = {IEEE Transactions on Evolutionary Computation},
keywords = {Evolutionary optimization,Gaussian random field models,Kriging,Metamodeling,Multiobjective design optimization,Uncertainty prediction},
number = {222},
pages = {8-16},
title = {{Computation Works: The Building of Algorithmic Thought}},
volume = {Computation Works: The Building of Algorithmic Thought},
year = {2013}}

% Koza
@book{Koza1992,
 author = {Koza, John R.},
 title = {Genetic Programming: On the Programming of Computers by Means of Natural Selection},
 year = {1992},
 isbn = {0-262-11170-5},
 publisher = {MIT Press},
 address = {Cambridge, MA, USA}
} 
 
% Koziel 
@book{Koziel2011,
author = {Koziel, Slawomir and Yang, Xin-She},
doi = {10.1007/978-3-642-20859-1},
isbn = {9783642175565},
pages = {85--100},
title = {{Computational optimization, methods and algorithms}},
volume = {356},
year = {2011}}

% Law 
@book{Law1991,
author = {Law, Averill M and Kelton, W. David},
booktitle = {McGrawHill New York L{\~{O}}Ecuyer P Giroux N Glynn PW},
doi = {10.1145/1667072.1667074},
isbn = {0070592926},
issn = {10493301},
mendeley-groups = {Books},
pages = {155},
pmid = {11805447},
title = {{Simulation modeling and analysis}},
volume = {2},
year = {1991}}

% Malkawi-Kolarevic
@book{Malkawi2005,
author = {Malkawi, Ali and Kolarevic, Branko},
booktitle = {Journal of Architectural Education},
doi = {10.1111/j.1531-314X.2006.00068_1.x},
isbn = {0415700833},
issn = {10464883},
number = {1},
title = {{Performative Architecture: Beyond Instrumentality}},
volume = {60},
year = {2005}}

% Nemhauser
@book{Nemhauser1988,
address = {New York},
author = {Nemhauser, George and Wolsey, Laurence},
file = {:C$\backslash$:/Users/catar/Dropbox/Library/Nemhauser, Wolsey - 1988 - Integer and Combinatorial Optimization.pdf:pdf},
mendeley-groups = {Books},
publisher = {John WIley {\&} Sons},
title = {{Integer and Combinatorial Optimization}},
year = {1988}
}

% Nocedal-Wright
@book{Nocedal2011NumericalOptimization,
author = {Nocedal, Jorge and Wright, Stephen J.},
doi = {10.1002/lsm.21040},
eprint = {NIHMS150003},
isbn = {0-387-98793-2},
mendeley-groups = {Books},
number = {2},
title = {{Numerical optimization}},
year = {2011}}

% Saltelli
@book{Saltelli2007,
archivePrefix = {arXiv},
arxivId = {arXiv:1011.1669v3},
author = {Saltelli, Andrea and Ratto, Marco and Andres, Terry and Campolongo, Francesca and Cariboni, Jessica and Gatelli, Debora and Saisana, Michaela and Tarantola, Stefano},
booktitle = {Global Sensitivity Analysis. The Primer},
doi = {10.1002/9780470725184},
eprint = {arXiv:1011.1669v3},
isbn = {9780470725184},
issn = {9780470725184},
pages = {237--275},
pmid = {25246403},
title = {{Global Sensitivity Analysis. The Primer}},
year = {2007}}

@book{Schwefel1981,
 author = {Schwefel, Hans-Paul},
 title = {Numerical Optimization of Computer Models},
 year = {1981},
 isbn = {0471099880},
 publisher = {John Wiley \& Sons, Inc.},
 address = {New York, NY, USA}
}

%% ------------------------------------------------------------------
%% 								Articles 
%% ------------------------------------------------------------------
% Aguiar
@article{Aguiar2017,
author = {Aguiar, Rita and Cardoso, Carmo and Leit{\~{a}}o, Ant{\'{o}}nio},
file = {:C$\backslash$:/Users/catar/AppData/Local/Mendeley Ltd./Mendeley Desktop/Downloaded/Aguiar - Unknown - Algorithmic Design and Analysis Fusing Disciplines.pdf:pdf},
mendeley-groups = {Thesis/ALGORITHMIC{\_}DESIGN{\_}WORKFLOWS},
pages = {28--37},
title = {{Algorithmic Design and Analysis Fusing Disciplines}},
year = {2017}}

% Ashour
@article{Ashour2015CreativelyMOO,
author = {Ashour, Yassin S. El-Din},
file = {:C$\backslash$:/Users/catar/OneDrive/IST/Mestrado/2ano/Thesis/Refer{\^{e}}ncias/MULTI-OBJECTIVE/Ashour - 2015 - Optimizing Creatively in Multi-Objective Optimization.pdf:pdf},
mendeley-groups = {Thesis/MULTI-OBJECTIVE},
title = {{Optimizing Creatively in Multi-Objective Optimization}},
year = {2015}}

% Attia
@article{Attia2013,
author = {Attia, Shady and Hamdy, Mohamed and O'Brien, William and Carlucci, Salvatore},
isbn = {9144023642},
journal = {13th Conference of International Building Performance Simulation Association},
pages = {3698--3705},
title = {{Computational optimisation for zero energy building design : Interviews results with twenty eight international experts}},
year = {2013}}

% Belem
@article{Belem2018optimizeddesign,
author = {Bel{\'{e}}m, Catarina and Leit{\~{a}}o, Ant{\'{o}}nio},
file = {:C$\backslash$:/Users/catar/Dropbox/Library/Articles/Architecture/Generative Design/Algorithmic Optimization/Bel{\'{e}}m, Leit{\~{a}}o - 2018 - From Design to Optimized Design An algorithmic-based approach.pdf:pdf},
keywords = {algorithmic analysis,algorithmic design,algorithmic optimization,black-box optimization,lighting optimization},
mendeley-groups = {Articles/Architecture/Generative Design/Algorithmic Optimization},
number = {1},
pages = {559--568},
title = {{From Design to Optimized Design An algorithmic-based approach}},
volume = {2},
year = {2018}}

% Blum 
@article{BlumRoli2003Metaheuristics,
abstract = {The emergence of metaheuristics for solving difficult combinatorial optimization problems is one of the most notable achievements of the last two decades in operations research. This paper provides an account of the most recent developments in the field and identifies some common issues and trends. Examples of applications are also reported for vehicle routing and scheduling problems.},
author = {Blum, C. and Roli, A.},
doi = {10.1007/s10479-005-3971-7},
isbn = {0254-5330},
issn = {02545330},
journal = {ACM Computing Surveys},
keywords = {Combinatorial optimization,Metaheuristics,Unifying framework,Vehicle routing},
mendeley-groups = {Thesis/METAHEURISTICS},
number = {3},
pages = {189--213},
title = {{Metaheuristics in combinatorial optimization: overview and conceptual comparison}},
volume = {35},
year = {2003}}

% Branco 
@article{Branco2017AD,
author = {Branco, Renata Castelo and Leit{\~{a}}o, Antonio Menezes},
isbn = {9789491207129},
journal = {Proceedings of the 35th Education and research in Computer Aided Architectural Design in Europe Conference (eCAADe)},
keywords = {algorithmic design,analysis tools,bim,cad},
pages = {729--738},
title = {{Integrated Algorithmic Design: A single-script approach for multiple design tasks}},
volume = {1},
year = {2017}}

% Cichocka 
@article{Cichocka2017SURVEY,
author = {Cichocka, Judyta M. and Browne, Will N. and Rodriguez, Edgar},
isbn = {9789881902689},
journal = {Protocols, Flows and Glitches, Proceedings of the 22nd International Conference of the Association for Computer-Aided Architectural Design Research in Asia (CAADRIA) 2017,},
pages = {387--397},
title = {{Optimization in the architectural practice}},
year = {2017}}

@article{Cichocka2017SILVEREYE,
author = {Cichocka, Judyta M and Migalska, Agata and Browne, Will N and Rodriguez, Edgar},
doi = {10.1007/978-981-10-5197-5},
isbn = {978-981-10-5196-8},
issn = {0182-3329},
keywords = {ado,architectural design optimization,ec,optimization,pso,si,{\'{a}} evolutionary computation,{\'{a}} particle swarm,{\'{a}} structural optimization,{\'{a}} swarm intelligence},
pages = {151--169},
title = {{SILVEREYE ‚Äì The Implementation of Particle Swarm Optimization Algorithm in a Design Optimization Tool}},
url = {http://link.springer.com/10.1007/978-981-10-5197-5},
volume = {724},
year = {2017}}


% Diaz 
@article{Diaz-Manriquez2016,
author = {D{\'{i}}az-Manr{\'{i}}quez, Alan and Toscano, Gregorio and Barron-Zambrano, Jose Hugo and Tello-Leal, Edgar},
doi = {10.1155/2016/9420460},
issn = {16875273},
journal = {Computational Intelligence and Neuroscience},
pmid = {27382366},
title = {{A review of surrogate assisted multiobjective evolutionary algorithms}},
volume = {2016},
year = {2016}}

% Evins 
@inproceedings{Evins2011,
address = {Sydney},
author = {Evins, Ralph and Vaidyanathan, Ravi},
booktitle = {12th Conference of International Building Performance Simulation Association, Sydney},
mendeley-groups = {Articles/Architecture/Optimization/Black-Box/Multi-Objective Optimization/Case Studies},
number = {November},
title = {{Multi-objective optimisation of the configuration and control of a double-skin facade}},
year = {2011}}

@article{Evins2012MOO,
author = {Evins, Ralph and Joyce, Sam Conrad and Pointer, Philip and Sharma, Shrikant and Vaidyanathan, Ravi and Williams, Chris},
doi = {10.1680/cien.11.00014},
isbn = {0965-089X},
issn = {0965-089X},
journal = {Proceedings of the Institution of Civil Engineers - Civil Engineering},
keywords = {aids,all rights reserved,design methods,economics,finance,ice publishing,mathematical modelling},
number = {5},
pages = {5--10},
title = {{Multi-objective design optimisation: getting more for less}},
volume = {165},
year = {2012}}

@article{Evins2013,
author = {Evins, Ralph},
doi = {10.1016/j.rser.2013.02.004},
eprint = {9780201398298},
isbn = {1364-0321},
issn = {13640321},
journal = {Renewable and Sustainable Energy Reviews},
keywords = {Building,Design,Multi-objective,Optimisation,Review,Sustainable},
pages = {230--245},
pmid = {4520227},
publisher = {Elsevier},
title = {{A review of computational optimisation methods applied to sustainable building design}},
volume = {22},
year = {2013}}

% Fang 
@article{Fang2017,
author = {Fang, Yuan},
mendeley-groups = {Thesis/MULTI-OBJECTIVE},
title = {{Optimization of Daylighting and Energy Performance Using Parametric Design, Simulation Modeling, and Genetic Algorithms}},
year = {2017}}

% Ferreira
@article{Ferreira2015GD,
author = {Ferreira, Bruno and Ant{\'{o}}nio, Leit{\~{a}}o},
file = {:C$\backslash$:/Users/catar/OneDrive/IST/Mestrado/2ano/Thesis/Refer{\^{e}}ncias/ALGORITHMIC{\_}DESIGN{\_}WORKFLOWS/Ferreira - 2015 - Generative Design for Building Information Modeling.pdf:pdf},
journal = {Proceedings of the 33rd Education and research in Computer Aided Architectural Design in Europe Conference},
keywords = {bim,generative design,programming,racket,revit,rosetta},
mendeley-groups = {Thesis/ALGORITHMIC{\_}DESIGN{\_}WORKFLOWS},
pages = {635--644},
title = {{Generative Design for Building Information Modeling}},
volume = {1},
year = {2015}}

% Forrester 
@article{Forrester2009SBO,
author = {Forrester, Alexander I J and Keane, Andy J.},
doi = {10.1016/j.paerosci.2008.11.001},
isbn = {0376-0421},
issn = {03760421},
journal = {Progress in Aerospace Sciences},
mendeley-groups = {Thesis/SURROGATE{\_}MODELS},
number = {1-3},
pages = {50--79},
title = {{Recent advances in surrogate-based optimization}},
volume = {45},
year = {2009}}

% Giunta
@article{Giunta2003DOE,
author = {Giunta, A.A. and Wojtkiewicz, SF and Eldred, M.S.},
doi = {10.2514/6.2003-649},
isbn = {978-1-62410-099-4},
journal = {Aiaa},
keywords = {agri-,cultural yield studies,design of experiments,e,experimental chemis-,g,hammersley sequence,latin hypercube,orthogonal ar-,pseudo-monte-carlo,quasi-monte carlo,ray,repeatability in field experiments,sampling},
mendeley-groups = {Thesis/SENSITIVITY{\_}ANALYSIS{\_}AND{\_}SAMPLING},
number = {July 2014},
pages = {6--9},
title = {{Overview of modern design of experiments methods for computational simulations}},
volume = {649},
year = {2003}}

% Hamdy 
@article{Hamdy2016,
author = {Hamdy, Mohamed and Nguyen, Anh-tuan and Hensen, Jan L M},
keywords = {algorithms,building simulation,experimentation,multi-objective optimization},
title = {{A performance comparison of multi-objective optimization algorithms for solving nearly-zero-energy-building design problems}},
year = {2016}}

% Hasan√ßebi 
@article{Hasancebi2009,
author = {Hasan{\c{c}}ebi, O. and {\c{C}}arba≈ü, S. and Do«ßan, E. and Erdal, F. and Saka, M. P.},
doi = {10.1016/j.compstruc.2009.01.002},
isbn = {0045-7949},
issn = {00457949},
journal = {Computers and Structures},
keywords = {Combinatorial optimization,Metaheuristic techniques,Pin jointed structures,Structural optimization},
mendeley-groups = {Thesis/ALGORITHMIC{\_}DESIGN{\_}WORKFLOWS},
number = {5-6},
pages = {284--302},
title = {{Performance evaluation of metaheuristic search techniques in the optimum design of real size pin jointed structures}},
volume = {87},
year = {2009}}

% Hooke
@article{Hooke1961,
author = {Hooke, Robert and Jeeves, T. A.},
doi = {10.1145/321062.321069},
file = {:C$\backslash$:/Users/catar/OneDrive/IST/Mestrado/2ano/Thesis/Refer{\^{e}}ncias/DIRECT{\_}SEARCH{\_}METHODS/Hooke, Jeeves - 1961 - `` Direct Search'' Solution of Numerical and Statistical Problems.pdf:pdf},
isbn = {0004-5411},
issn = {00045411},
journal = {Journal of the ACM},
mendeley-groups = {Thesis/DIRECT{\_}SEARCH{\_}METHODS},
number = {2},
pages = {212--229},
title = {{`` Direct Search'' Solution of Numerical and Statistical Problems}},
volume = {8},
year = {1961}}

% Hussein 
@article{Hussein2016,
author = {Hussein, Rayan and Deb, Kalyanmoy},
doi = {10.1145/2908812.2908866},
isbn = {9781450342063},
journal = {Gecco},
keywords = {ASF,EGO,Kriging,Surrogate model,evolutionary multi-objective optimization,real-parameter genetic algorithms},
pages = {573--580},
title = {{A Generative Kriging Surrogate Model for Constrained and Unconstrained Multi-objective Optimization}},
year = {2016}}

% Jones 
@article{Jones1993DIRECT,
author = {Jones, D. R. and Perttunen, C. D. and Stuckman, B. E.},
doi = {10.1007/BF00941892},
isbn = {0022-3239},
issn = {00223239},
journal = {Journal of Optimization Theory and Applications},
keywords = {Global optimization,Lipschitzian optimization,space covering,space partitioning},
number = {1},
pages = {157--181},
pmid = {484},
title = {{Lipschitzian optimization without the Lipschitz constant}},
volume = {79},
year = {1993}}

% Kolda 
@article{Kolda2003,
author = {Kolda, T. G. and Lewis, R. M. and Torczon, V.},
doi = {10.1137/S003614450242889},
journal = {Society for Industrial and Applied Mathematics},
keywords = {direct search,generating,global convergence analysis,local convergence analysis,nonlinear optimization,nonlinear programming,pattern search,positive bases,search,simplex},
number = {3},
pages = {385--482},
title = {{Optimization by Direct Search - New Perspectives on Some Classical and Modern Methods}},
volume = {45},
year = {2003}}

% Leitao 
@article{Leitao2014GD,
author = {Leit{\~{a}}o, Ant{\'{o}}nio and Santos, Lu{\'{i}}s and Fernandes, Rita},
doi = {http://dx.doi.org/10.5151/despro-sigradi2013-0043},
file = {:C$\backslash$:/Users/catar/OneDrive/IST/Mestrado/2ano/Thesis/Refer{\^{e}}ncias/ALGORITHMIC{\_}DESIGN{\_}WORKFLOWS/Leit{\~{a}}o, Santos, Fernandes - 2014 - Pushing the Envelope Stretching the Limits of Generative Design.pdf:pdf},
issn = {2318-6968},
journal = {Blucher Design Proceedings},
keywords = {change,design process,generative design,modeling,programming},
mendeley-groups = {Thesis/ALGORITHMIC{\_}DESIGN{\_}WORKFLOWS},
number = {7},
pages = {235--238},
title = {{Pushing the Envelope: Stretching the Limits of Generative Design}},
volume = {1},
year = {2014}}

% Machairas
@article{Machairas2014,
author = {Machairas, Vasileios and Tsangrassoulis, Aris and Axarli, Kleo},
doi = {10.1016/j.rser.2013.11.036},
eprint = {9780201398298},
isbn = {1364-0321},
issn = {13640321},
journal = {Renewable and Sustainable Energy Reviews},
keywords = {Algorithms,Building,Design,Optimization,Review},
number = {1364},
pages = {101--112},
pmid = {4520227},
title = {{Algorithms for optimization of building design: A review}},
volume = {31},
year = {2014}}
 
% Marler 
@article{Marler2004,
author = {Marler, R. T. and Arora, J. S.},
doi = {10.1007/s00158-003-0368-6},
eprint = {3-642-29068-X},
isbn = {1615-147X$\backslash$r1615-1488},
issn = {1615147X},
journal = {Structural and Multidisciplinary Optimization},
keywords = {Engineering,Multi-criteria,Multi-objective,Optimization},
number = {6},
pages = {369--395},
pmid = {1729233},
title = {{Survey of multi-objective optimization methods for engineering}},
volume = {26},
year = {2004}}

% Nelder-Mead
@article{Nelder1964,
author = {Nelder, J.a. and Mead, R.},
booktitle = {Computer Journal},
doi = {10.1093/comjnl/7.4.308},
isbn = {9781605580852},
issn = {00104620},
pages = {308--313},
title = {{A simplex method for function minimization}},}mode=GeneralSearch{\&}qid=2{\&}SID=R1L1cN2N12FbagJN87d{\&}page=1{\&}doc=2},
volume = {7},
year = {1964}}

% Nguyen
@article{Nguyen2014,
author = {Nguyen, Anh-Tuan and Reiter, Sigrid and Rigo, Philippe},
isbn = {0306-2619},
issn = {03062619},
journal = {Applied Energy},
pages = {1043--1058},
title = {{A review on simulation-based optimization methods applied to building performance analysis}},
volume = {113},
year = {2014}}

% Rios 
@article{Rios2013,
author = {Rios, Luis Miguel and Sahinidis, Nikolaos V.},
doi = {10.1007/s10898-012-9951-y},
isbn = {0925-5001},
issn = {09255001},
journal = {Journal of Global Optimization},
keywords = {Derivative-free algorithms,Direct search methods,Surrogate models},
mendeley-groups = {Thesis/BLACK{\_}BOX{\_}OPTIMIZATION{\_}METHODS{\_}REVIEWS{\_}COMPARISONS},
number = {3},
pages = {1247--1293},
title = {{Derivative-free optimization: A review of algorithms and comparison of software implementations}},
volume = {56},
year = {2013}}

% Rowan
@article{Rowan1990,
author = {Rowan, T.H.},
journal = {Unpuplished Dissertation},
mendeley-groups = {Thesis/DIRECT{\_}SEARCH{\_}METHODS},
pages = {218},
title = {{Functional stability analysis of numerical algorithms}},
year = {1990}}

% Storn
@Article{Storn1997,
author="Storn, Rainer and Price, Kenneth",
title="Differential Evolution -- A Simple and Efficient Heuristic for global Optimization over Continuous Spaces",
journal="Journal of Global Optimization",
year="1997",
volume="11",
number="4",
pages="341--359",
issn="1573-2916",
doi="10.1023/A:1008202821328",
url="https://doi.org/10.1023/A:1008202821328"
}



% Waibel
@article{Waibel2018,
author = {Waibel, Christoph and Wortmann, Thomas and Evins, Ralph and Carmeliet, Jan},
journal = {Energy and Buildings},
mendeley-groups = {Articles/Architecture/Optimization/Black-Box/Single-Objective Optimization/Comparisons},
number = {October},
title = {{Building Energy Optimization: An Extensive Benchmark of Global Search Algorithms}},
volume = {under revi},
year = {2018}}

% Wortmann 
@article{Wortmann2015AdvSBO,
author = {Wortmann, Thomas and Costa, Alberto and Nannicini, Giacomo and Schroepfer, Thomas},
doi = {10.1017/S0890060415000451},
isbn = {0890-0604},
issn = {0890-0604},
journal = {Artificial Intelligence for Engineering Design, Analysis and Manufacturing},
keywords = {computer-aided design tool,design optimization,design space exploration,method,radial basis function,surrogate-based optimization},
mendeley-groups = {Thesis/SURROGATE{\_}MODELS},
number = {04},
pages = {471--481},
title = {{Advantages of surrogate models for architectural design optimization}},
volume = {29},
year = {2015}}

@article{Wortmann2016BBO,
author = {Wortmann, Thomas and Nannicini, Giacomo},
keywords = {black-box optimization,direct search,gate models,genetic algorithms,simulation,surro-},
mendeley-groups = {Thesis/BLACK{\_}BOX{\_}OPTIMIZATION{\_}METHODS{\_}REVIEWS{\_}COMPARISONS},
number = {April},
pages = {177--186},
title = {{Black-box optimization methods for architectural design}},
year = {2016}}

@article{Wortmann2017ADO,
author = {Wortmann, Thomas and Nannicini, Giacomo},
doi = {10.1007/978-3-319-61313-0},
isbn = {978-3-319-61312-3},
number = {December},
title = {{Introduction to Architectural Design Optimization}},
volume = {125},
year = {2017}}

@article{Wortmann2017GABESTCHOICE,
author = {Wortmann, Thomas and Waibel, Christoph and Nannicini, Giacomo and Evins, Ralph and Schroepfer, Thomas and Carmeliet, Jan},
mendeley-groups = {Thesis/BLACK{\_}BOX{\_}OPTIMIZATION{\_}METHODS{\_}REVIEWS{\_}COMPARISONS},
number = {June},
pages = {51--58},
title = {{Are Genetic Algorithms Really the Best Choice for Building Energy Optimization?}},
year = {2017}}

@article{Wortmann2017Opossum,
author = {Wortmann, Thomas},
journal = {Proceedings of the 22nd International Conference of the Association for Computer-Aided Architectural Design Research in Asia},
keywords = {1,architectural design optimization,design tool,model-based optimization,sustainable design},
mendeley-groups = {Thesis/SURROGATE{\_}MODELS},
pages = {283--292},
title = {{Opossum}},
year = {2017}}

@article{Wortmann2017,
author = {Wortmann, Thomas},
doi = {10.1080/24751448.2017.1354615},
issn = {2475-1448},
journal = {Technology | Architecture + Design},
mendeley-groups = {Articles/Architecture,Articles/Architecture/Optimization/Black-Box/Multi-Objective Optimization,Articles/Architecture/Optimization/Black-Box/Multi-Objective Optimization/Model-Based Optimization},
number = {2},
pages = {176--185},
title = {{Model-based Optimization for Architectural Design : Optimizing Daylight and Glare in Grasshopper}},
volume = {1},
year = {2017}}


% Wolpert 
@article{Wolpert1997NFLT,
author = {Wolpert, David H. and Macready, William G},
doi = {10.1109/4235.585893},
isbn = {1089778X},
issn = {1089778X},
journal = {IEEE Transactions on Evolutionary Computation},
keywords = {Evolutionary algorithms,Information theory,Optimization},
number = {1},
pages = {67--82},
pmid = {97063701362},
title = {{No free lunch theorems for optimization}},
volume = {1},
year = {1997}}

% Zapotecas
@article{Zapotecas-Martinez2016,
author = {Zapotecas-Mart{\'{i}}nez, Sa{\'{u}}l and Coello, Carlos A.Coello},
doi = {10.1080/0305215X.2014.992889},
issn = {10290273},
journal = {Engineering Optimization},
keywords = {multi-objective direct search methods,multi-objective nonlinear simplex search,multi-objective optimization},
number = {1},
pages = {16--38},
title = {{MONSS: A multi-objective nonlinear simplex search approach}},
volume = {48},
year = {2016}}

% Tian
@article{Tian2013,
author = {Tian, Wei},
doi = {10.1016/j.rser.2012.12.014},
isbn = {1364-0321},
issn = {13640321},
journal = {Renewable and Sustainable Energy Reviews},
pmid = {85854918},
title = {{A review of sensitivity analysis methods in building energy analysis}},
volume = {20},
year = {2013}}

