@article{Spalding1972,
      author = {Spalding, D. B.},
      doi = {10.1002/nme.1620040409},
      issn = {0029-5981},
      journal = {International Journal for Numerical Methods in Engineering},
      number = {4},
      pages = {551--559},
      title = {{A novel finite difference formulation for differential expressions involving both first and second derivatives}},
      url = {http://doi.wiley.com/10.1002/nme.1620040409},
      volume = {4},
      year = {1972}
}
