%% This BibTeX bibliography file was created using BibDesk.
%% http://bibdesk.sourceforge.net/


%% Created for Jerome at 2014-05-13 03:49:22 +0100 

%% Saved with string encoding Unicode (UTF-8) 
%% ------------------------------------------------------------------
%% 								URLs 
%% ------------------------------------------------------------------
@inbook{AMPL,
	author = {Fourer, R. and Gay, D. M. and Kernighan, B.},
	chapter = {AMPL: A Mathematical Programming Language},
	title = {{Algorithms and Model Formulations in Mathematical Programming (Wallace, S. W. (ed.))}},
	editor = {Wallace, Stein W.},
	year = {1989},
	pages = {150-151},
	publisher = {Springer-Verlag}
} 

@misc{MerriamWebster2017OptimizationDefinition,
	author = {Webster, Merriam},
	title = {{Merriam Webster Online - Optimization Definition}},
	howpublished ={\url{https://www.merriam-webster.com/dictionary/optimization}},
	Year = {2019},
	note = {{[Online; accessed 28-April-2019]}}
}

% GRASSHOPPER
@misc{GRASSHOPPER,
	author = {Rutten, David G.},
	title = {{Grasshopper: Generative Modeling for Rhino}},
	howpublished = {\url{https://www.grasshopper3d.com/}},
	year = {2007},
	note = {{[Online; accessed 28-April-2019]}}
}

% DYNAMOBIM
@misc{DYNAMOBIM,
	author = {Keough, Ian},
	title = {{Dynamo BIM}},
	howpublished="\url{https://dynamobim.org/}",
	Year = {2011},
	note = {{[Online; accessed 28-April-2019]}}
}

% GALAPAGOS
@misc{GALAPAGOS,
	author = {Rutten, David G.},
	title = {{Galapagos - An Optimization Solver Component}},
	howpublished= {\url{https://www.grasshopper3d.com/group/galapagos}},
	Year = {2010},
	note = {{[Online; accessed 28-April-2019]}}
}

% GOAT
@misc{GOAT,
	author = {Fl√∂ry, Simon},
	title = {{Goat - An Optimization Solver Component}},
	howpublished = {\url{https://www.rechenraum.com/en/goat.html}},
	year = {2019},
	note = {{[Online; accessed 28-April-2019]}}
}

% Octopus
@phdthesis{OCTOPUS,
	author = {Vierlinger, Robert},
	doi = {10.13140/RG.2.1.3401.0324},
	title = {{Multi-Objective Design Interface}},
	year = {2013},
	school = {Institute of Engineering and Technology, Technical University of Vienna},
}

% Optimo
@inproceedings{OPTIMO,
	author = {Asl, Mohammad and Stoupine, A and Zarrinmehr, Saied and Yan, Wei},
	year = {2015},
	pages = {673-682},
	title = {{Optimo: A BIM-based Multi-objective Optimization Tool Utilizing Visual Programming for High Performance Building Design}},
	booktitle = {Proceedings of the Education and Research in Computer Aided Architectural Design in Europe Conference}
}

@misc{Terzidis2006,
	author = {Terzidis, K.},
	title = {Algorithmic Architecture},
	howpublished = {Routledge},
	year = {2006},
}

%% ------------------------------------------------------------------
Optimization Libraries
%% ------------------------------------------------------------------

% RBFOPT
@inproceedings{RBFOPT,
	author = {Costa, Alberto and Nannicini, Giacomo},
	booktitle = {Mathematical Programming Computation},
	title = {{RBFOpt : An Open-Source Library for Black-Box Optimization with Costly Function Evaluations}},
	volume = {10},
	issue  = {4},
	year = {2018},
	pages = {597-629},
	publisher = {Springer}
}

@inproceedings{scikit-learn,
	title={{Scikit-learn: Machine Learning in Python}},
	author={Pedregosa, F. and Varoquaux, G. and Gramfort, A. and Michel, V. and Thirion, B. and Grisel, O. and Blondel, M. and Prettenhofer, P. and Weiss, R. and Dubourg, V. and Vanderplas, J. and Passos, A. and Cournapeau, D. and Brucher, M. and Perrot, M. and Duchesnay, E.},
	booktitle={Journal of Machine Learning Research},
	volume={12},
	pages={2825-2830},
	year={2011},
	publisher = {Microtome Publishing}
}

@misc{platypus,
	title={{Platypus: Multiobjective Optimization in Python}},
	author={Hadka, David},
	year={2015},
	howpublished= {\url{https://platypus.readthedocs.io/en/latest/}},
	note = {{[Online; accessed 29-April-2019]}}
}
% NLOPT
@misc{NLOPT,
	author = {Johnson, Steven G.},
	title = {{The NLopt Nonlinear-Optimization Package}},
	howpublished = "\url{ http://github.com/stevengj/nlopt}",
	year = {2010},
	note = {{[Online; accessed 28-April-2019]}}
}

@inproceedings{Knowles1999, 
	author={J. {Knowles} and D. {Corne}}, 
	booktitle={Proceedings of the 1999 Congress on Evolutionary Computation}, 
	title={{The Pareto Archived Evolution Strategy: A New Baseline Algorithm for Pareto Multiobjective Optimisation}}, 
	year={1999}, 
	pages={98-105}
}

@inproceedings{Corne2001,
	author = {Corne, D. and Jerram, N. and Knowles, J. and Oates, M.},
	title = {{PESA-II: Region-Based Selection in Evolutionary Multiobjective Optimization}},
	booktitle = {{Proceedings of the Genetic and Evolutionary Computation Conference}},
	pages = {399-404},
	year = {2001}
}

@inproceedings{GDE3,
	author = {Kukkonen, Saku and Lampinen, J},
	year = {2005},
	pages = {443-450},
	title = {{GDE3: The Third Evolution Step of Generalized Differential Evolution}},
	booktitle = {Proceedings of the IEEE Congress on Evolutionary Computation}
}

@inproceedings{DunningHuchetteLubin2017,
	author = {Iain {Dunning} and Joey {Huchette} and Miles {Lubin}},
	title = {{JuMP: A Modeling Language for Mathematical Optimization}},
	booktitle = {SIAM Review},
	pages = {295-320},
	year = {2017},
	volume = {59},
	issue = {2},
	publisher = {Society for Industrial and Applied Mathematics}
}


%% ------------------------------------------------------------------
%Images
%% ------------------------------------------------------------------

% London City Hall
@misc{londoncityhall,
	author = {{Foster+Partners}},
	title = {{Foster+Partners: City Hall, London UK}},
	howpublished = {\url{https://www.fosterandpartners.com/projects/city-hall/}},
	year = {2002},
	note = {{[Online; accessed 28-April-2019]}}
}

@misc{3DMODELTOOL,
	Author = {Jared {Banks}},
	Title = {{Work Environments in ArchiCAD - Part 2D}},
	howpublished = {\url{https://i0.wp.com/www.shoegnome.com/wp-content/uploads/2012/04/Work-Environment-TG-PC.png}} ,
	Year = {2012},
	note = {{[Online; accessed 28-April-2019]}}
}

%[FIX ME] apaguei por ser conferencia:
%	editor = {Carlos M. Fonseca and Peter J. Fleming and Eckart Zitzler and Kalyanmoy Deb and Lothar Thiele},
%	series = {Lecture Notes in Computer Science},
%	address = {Berlin},
%	publisher = {Springer}
@inproceedings{PISA2003,
	author = {Stefan {Bleuler} and Marco {Laumanns} and Lothar {Thiele} and Eckart {Zitzler}},
	title = {{PISA - A Platform and Programming Language Independent Interface for Search Algorithms}},
	booktitle = {Proceedings of the 2nd International Conference on Evolutionary Multi-Criterion Optimization},
	pages = {494-508},
	year = {2003}
}

%% ------------------------------------------------------------------
%% 								Books 
%% ------------------------------------------------------------------
%[FIX ME] 	edition   = {1st}, isbn      = {9780387308142}
@book{Tille2006,
	author    = {Till{\'{e}}, Yves}, 
	title     = {Sampling Algorithms},
	publisher = {Springer},
	year      = {2006}
}

% Brownlee [FIX ME] apaguei edition = {1st}, e url = {http://www.cleveralgorithms.com},
@book{Brownlee2011,
	author = {Brownlee, Jason},
	title = {{Clever Algorithms: Nature-Inspired Programming Recipes}},
	isbn = {9781446785065},
	publisher ={{LuLu}},
	year = {2011}
}

% Brentb
@book{Brent1973,
	author = {Brent, R. P.},
	title = {{Algorithms for Minimization Without Derivatives}},
	publisher ={Prentice-Hall},
	year = {1973}
}

% Conn
@book{Conn2009,
	author = {Conn, Andrew R. and Scheinberg, Katya and Vicente, Luis N.},
	isbn = {9780898716689},
	title = {{Introduction to Derivative-Free Optimization}},
	publisher = {Society for Industrial and Applied Mathematics},
	year = {2009}}

% Glover [FIX ME] 	isbn = {9788578110796}, volume = {57}, edition = {1st},
@book{Glover2003Metaheuristics,
	author = {Glover, Fred and Kochenberger, Gary A.},
	title = {{Handbook of Metaheuristics}},
	publisher = {Springer US},
	year = {2003}
}

% Goldberg
@book{Golberg1989,
	author = {Golberg, David E},
	isbn = {0201157675},
	edition = {1st},
	publisher = {Addison-Wesley Longman Publishing Co.},
	title = {{Genetic Algorithms in Search Optimization {\&} Machine Learning}},
	year = {1989}}

% Holland
@book{Holland1992,
	author = {Holland, John H.},
	title = {Adaptation in Natural and Artificial Systems: An Introductory Analysis with Applications to Biology, Control and Artificial Intelligence},
	year = {1992},
	isbn = {0262082136},
	publisher = {MIT Press},
	address = {Cambridge, MA, USA}
} 

% Kestelier 
@book{Kestelier2013,
	author = {De Kestelier, Xavier and Peters, Brady},
	title = {{Computation Works: The Building of Algorithmic Thought}},
	year = {2013},
	publisher = {{John Wiley {\&} Sons}}
}

% Koziel 
@book{Koziel2011,
	author = {Koziel, Slawomir and Yang, Xin-She},
	title = {{Computational Optimization, Methods and Algorithms}},
	publisher = {Springer},
	year = {2011}}

% Law 
@book{Law1991,
	author = {Law, A. M. and Kelton, W. D.},
	title = {{Simulation Modeling and Analysis}},
	year = {1991},
	publisher = {McGraw-Hill International Editions}
}

% Malkawi-Kolarevicb [FIX ME] edition = {1st}, volume = {60}, issue = {1}, isbn = {0415700833},
@book{Malkawi2005,
	author = {Malkawi, Ali and Kolarevic, Branko},
	title = {{Performative Architecture: Beyond Instrumentality}},
	year = {2005},
	publisher = {Spon Press}
}

% Nocedal-Wright [FIX ME] 	isbn = {0387987932}, edition = {2nd},
@book{Nocedal2011NumericalOptimization,
	author = {Nocedal, Jorge and Wright, Stephen},
	title = {{Numerical Optimization}},
	publisher = {Springer},
	year = {2006}
}

% Saltelli [FIX ME] isbn = {9780470725184}
@book{Saltelli2007,
	author = {Saltelli, Andrea and Ratto, Marco and Andres, Terry and Campolongo, Francesca and Cariboni, Jessica and Gatelli, Debora and Saisana, Michaela and Tarantola, Stefano},
	title = {Global Sensitivity Analysis. The Primer},
	publisher={{John Wiley {\&} Sons}},
	year = {2007}
}

%% ------------------------------------------------------------------
%% 								Articles 
%% ------------------------------------------------------------------
% Koza
@article{Koza1992,
	author = {Koza, John R.},
	title = {Genetic Programming: On the Programming of Computers by Means of Natural Selection},
	year = {1994},
	journal = {Statistics and Computing},
	volume = {4},
	issue = {2},
	pages = {87-112},
	isbn = {0262111705}
} 

% Caetano [FIX ME] apaguei 	volume = {1},
@inproceedings{Caetano2018,
	author = {Caetano, I. and Ilunga, G. and Bel{√©}m, C. and Aguiar, R. and Feist, S. and Bastos, F. and Leit{√£}o, A.},
	booktitle = {Proceedings of the 23rd International CAADRIA Conference},
	pages = {111-120},
	title = {{Case Studies on the Integration of Algorithmic Design Processes in Traditional Design Workflows}},
	year = {2018}
}

% Heidjen
@inproceedings{Heijden2015,
	author = {Heijden, Ramon Van Der and Levelle, Evan and Riese, Martin},
	booktitle = {{Proceedings of the 35th Annual Conference of the Association for Computer Aided Design in Architecture}},
	pages = {417-430},
	title = {{Parametric Building Information Generation for Design and Construction}},
	year = {2015}
}

@inproceedings{Gablonsky2001,
	author = {Gablonsky, J. and Kelley, C.},
	booktitle = {Journal of Global Optimization},
	pages = {27-37},
	title = {{A Locally-Biased Form of the DIRECT Algorithm}},
	volume = {21},
	issue = {1},
	year = {2001},
	publisher = {Springer}
}

% Aguiar
@inproceedings{Aguiar2017,
	author = {Aguiar, Rita and Cardoso, Carmo and Leit{√£}o, A.},
	title = {{Algorithmic Design and Analysis Fusing Disciplines}},
	booktitle = {Proceedings of the 37th Annual ACADIA Conference},
	year = {2017},
	pages = {28-37}
}

% Ashour
@mastersthesis{Ashour2015CreativelyMOO,
	author       = {Ashour, Yassin}, 
	title        = {{Optimizing Creatively in Multi-Objective Optimization}},
	school       = {Faculty of Graduate Studies, University of Calgary},
	year         = {2015},
	month        = 4
}

% Attia
@inproceedings{Attia2013,
	author = {Attia, Shady and Hamdy, Mohamed and Brien, William O and Carlucci, Salvatore},
	title = {{Assessing Gaps and Needs for Integrating Building Performance Optimization Tools in Net Zero Energy Buildings Design}},
	booktitle = {Energy {\&} Buildings},
	pages = {110-124},
	publisher = {Elsevier},
	volume = {60},
	year = {2013},
	issue = {5}
}

% Belem [FIX ME] apaguei volume = {2},
@inproceedings{Belem2018optimizeddesign,
	author = {Bel{√©}m, Catarina and Leit{√£}o, A.},
	booktitle = {Proceedings of the 36th International Education and Research in Computer Aided Architectural Design in Europe Conference},
	pages = {559-568},
	title = {{From Design to Optimized Design: An Algorithmic-Based Approach}},
	year = {2018}
}

%[FIX ME] apaguei 	volume = {1}
@inproceedings{Belem2019MOO,
	author = {Bel{√©}m, Catarina and Leit{√£}o, A.},
	booktitle = {Proceedings of the 24th International Conference of the Association for Computer-Aided Architectural Design Research in Asia},
	title = {{Conflicting Goals in Architecture: A study on Multi-Objective Optimization}},
	year = {2019},
	pages = {453-462}
}

@inproceedings{IP2019MOO,
	author = {Pereira, I. and Bel{√©}m, C. and Leit{√£}o, A.},
	booktitle = {Proceedings of the 37th International Education and Research in Computer Aided Architectural Design in Europe Conference},
	title = {{Optimizing Exhibition Spaces: A Multi-Objective Approach}},
	year = {2019},
	note = {(to appear)}
}

% Blum 
%[FIX ME] podes poder a abrv no publisher ACM
@inproceedings{BlumRoli2003Metaheuristics,
	author = {Blum, C. and Roli, A.},
	title = {{Metaheuristics in Combinatorial Optimization: Overview and Conceptual Comparison}},
	booktitle = {{Association for Computing Machinery Computing Surveys}},
	publisher = {{Association for Computing Machinery}},
	volume = {35},
	pages = {268-308},
	year = {2003},
	issue = {3},
}

% Branco 
@inproceedings{Branco2017AD,
	author = {Castelo Branco, Renata and Leit{√£}o, Antonio},
	isbn = {9789491207129},
	booktitle = {Proceedings of the 35th Education and Research in Computer Aided Architectural Design in Europe Conference},
	pages = {729-738},
	title = {{Integrated Algorithmic Design: A Single-Script Approach for Multiple Design Tasks}},
	year = {2017}
}

% Cichocka 
@inproceedings{Cichocka2017SURVEY,
	author = {Cichocka, Judyta M. and Browne, Will N. and Rodriguez, Edgar},
	title = {{Optimization in the Architectural Practice}},
	isbn = {9789881902689},
	booktitle = {Proceedings of the 22nd International Conference of the Association for Computer-Aided Architectural Design Research in Asia},
	pages = {387-397},
	year = {2017}
}

%[FIX ME] apaguei volume = {724},
@inproceedings{Cichocka2017SILVEREYE,
	author = {Cichocka, Judyta M and Migalska, Agata and Browne, Will N and Rodriguez, Edgar},
	title = {{SILVEREYE ‚Äì The Implementation of Particle Swarm Optimization Algorithm in a Design Optimization Tool}},
	isbn = {978-981-10-5196-8},
	booktitle = {Proceedings of the International Conference on Computer-Aided Architectural Design Futures},
	pages = {151-169},
	year = {2017}
}

% Cust√≥dio
@inproceedings{Custodio2010,
	author = {Cust{√≥}dio, A. and Madeira, J. and Vaz, A. and Vicente, L.},
	booktitle = {{SIAM Journal on Optimization}},
	issue = {3},
	pages = {1109-1140},
	title = {{Direct MultiSearch for Multiobjective Optimization}},
	volume = {21},
	year = {2011},
	publisher = {Society for Industrial and Applied Mathematics}
}

@inproceedings{Custodio2018,
	author = {Cust{√≥}dio, A. and Madeira, J.},
	booktitle = {Journal of Global Optimization},
	issue = {2},
	pages = {323-345},
	title = {{MultiGLODS : Global and Local Multiobjective Optimization Using Direct Search}},
	volume = {72},
	year = {2018},
	publisher = {Springer}
}


% Deb [FIX ME] apaguei 	volume = {6},
@inproceedings{Deb2002,
	author = {Deb, Kalyanmoy and Agrawal, Samir and Pratap, Amrit and Meyarivan, Tanaka},
	title = {{A Fast Elitist Non-dominated Sorting Genetic Algorithm for Multi-objective Optimization: NSGA-II}},
	booktitle = {Proceedings of the International PPSN Conference},
	pages = {182-197},
	year = {2000}
}

@techreport{Deb02runningperformance,
	author = {Kalyanmoy, Deb and Sachin, Jain},
	title = {Running performance Metrics for evolutionary multi-objective optimization},
	institution = {Kanpur Genetic Algorithms Laboratory (KanGAL), Indian Institute of Technology},
	year = {2002},
	note = {KanGAL Report No. 2002004}
}

%[FIX ME] apaguei 	publisher = {Springer-Verlag}, por ser conferencia
@inproceedings{Deb2003EpsMOEA,
	author = {Deb, Kalyanmoy and Mohan, Manikanth and Mishra, Shikhar},
	title = {{Towards a Quick Computation of Well-Spread Pareto-Optimal Solutions}},
	booktitle = {Proceedings of the International Conference on Evolutionary Multi-Criterion Optimization},
	year = {2003},
	pages = {222-236}
}

% Diaz 
@inproceedings{Diaz-Manriquez2016,
	author = {D{√≠}az-Manr{√≠}quez, Alan and Toscano, Gregorio and Barron-Zambrano, Jose Hugo and Tello-Leal, Edgar},
	booktitle = {Computational Intelligence and Neuroscience},
	title = {{A Review of Surrogate Assisted Multiobjective Evolutionary Algorithms}},
	volume = {2016},
	issue = {4},
	year = {2016},
	publisher = {Hindawi Publishing Corporation},
	pages = {1-16}
}

% Durillo [FIX ME] apaguei 	volume = {5467},
@inproceedings{Durillo2011SMPSO,
	author = {Durillo, J. and Garcia-Nieto, J. and Nebro, Antonio J. and Coello, C. and Luna, F. and Alba, E.},
	booktitle = {Proceedings of the International Conference on Evolutionary Multi-Criterion Optimization},
	pages = {495-509},
	title = {{Multi-Objective Particle Swarm Optimizers: An Experimental Comparison}},
	year = {2011}
}

@inproceedings{SMPSO, 
	author = {A. {Nebro} and J. {Durillo} and J. {Garcia-Nieto} and C. {Coello Coello} and F. {Luna} and E. {Alba}}, 
	booktitle = {Proceedings of the IEEE Symposium on Computational Intelligence in Multi-Criteria Decision-Making}, 
	title = {{SMPSO: A New PSO-based metaheuristic for Multi-Objective Optimization}}, 
	year = {2009}, 
	pages = {66-73}
}

@inproceedings{Sierra2005OMOPSO,
	author = {Sierra, Margarita R and Coello Coello, Carlos A.},
	title= {{Improving PSO-Based Multi-objective Optimization Using Crowding, Mutation and $\epsilon$-Dominance}},
	booktitle = {Proceedings of the International Conference on Evolutionary Multi-Criterion Optimization},
	year = {2005},
	pages = {505-519},
}

@inproceedings{Zavala2014,
	author = {Zavala, Gustavo R. and Nebro, Antonio J. and Luna, Francisco and {Coello Coello}, Carlos A.},
	booktitle = {Structural and Multidisciplinary Optimization},
	issue = {4},
	title = {{A Survey of Multi-Objective Metaheuristics Applied to Structural Optimization}},
	volume = {49},
	year = {2014},
	pages = {537-558},
	publisher = {Springer}
}


% Evins 
@inproceedings{Evins2011,
	author = {Evins, Ralph, and Pointer, Philip, and Vaidyanathan, Ravi},
	booktitle = {Proceedings of the 12th Conference of International Building Performance Simulation Association},
	title = {{Multi-objective Optimisation of the Configuration and Control of a Double-skin Facade}},
	year = {2011}
}

@inproceedings{Evins2012MOO,
	author = {Evins, Ralph and Joyce, Sam Conrad and Pointer, Philip and Sharma, Shrikant and Vaidyanathan, Ravi and Williams, Chris},
	booktitle = {Proceedings of the Institution of Civil Engineers - Civil Engineering},
	issue = {5},
	pages = {5-10},
	title = {{Multi-objective Design Optimisation: Getting More for Less}},
	volume = {165},
	year = {2012}
}

@inproceedings{Evins2013,
	author = {Evins, Ralph},
	booktitle = {Renewable and Sustainable Energy Reviews},
	pages = {230-245},
	publisher = {Elsevier},
	title = {{A Review of Computational Optimisation Methods a
Applied to Sustainable Building Design}},
	volume = {22},
	year = {2013}
}

% Fang 
@phdthesis{Fang2017,
	author       = {Fang, Yuan}, 
	title        = {{Optimization of Daylighting and Energy Performance Using Parametric Design, Simulation Modeling, and Genetic Algorithms}},
	school       = {Faculty of North Carolina State University},
	year         = 2017
}

% Ferreiran [FIX ME] apaguei 	volume = {1},
@inproceedings{Ferreira2015GD,
	author = {Ferreira, Bruno and Leit{\~{a}}o, Ant{\'{o}}nio},
	booktitle = {Proceedings of the 33rd Education and research in Computer Aided Architectural Design in Europe Conference},
	pages = {635-644},
	title = {{Generative Design for Building Information Modeling}},
	year = {2015}
}

% Forrester 
@inproceedings{Forrester2009SBO,
	author = {Forrester, A.and Keane, A.},
	booktitle = {Progress in Aerospace Sciences},
	issue = {1-3},
	pages = {50-79},
	title = {{Recent Advances in Surrogate-Based Optimization}},
	volume = {45},
	year = {2009},
	publisher = {Elsevier}
}

% Giunta [FIX ME] apaguei 	volume = {649},
@inproceedings{Giunta2003DOE,
	author = {Giunta, A. and Wojtkiewicz, S. and Eldred, M.},
	booktitle = {Proceedings of the 41st American Institute of Aeronautics and Astronautics Aerospace Sciences Meeting and Exhibit},
	title = {{Overview of Modern Design of Experiments Methods for Computational Simulations}},
	year = {2003},
	pages ={1 -17}
}

% Gutmann
@article{Gutmann2001,
	author = {Gutmann, H. M.},
	isbn = {0925-5001},
	journal = {Journal of Global Optimization},
	issue = {3},
	pages = {201-227},
	title = {{A Radial Basis Function Method for Global Optimization}},
	volume = {19},
	year = {2001}
}

% Hamdy 
@inproceedings{Hamdy2016,
	author = {Hamdy, M. and Nguyen, A. and Hensen, J.},
	title = {{A Performance Comparison of Multi-objective Optimization Algorithms for Solving Nearly-Zero-Energy-Building Design Problems}},
	year = {2016},
	booktitle = {Energy {\&} Buildings},
	pages = {57-71},
	volume = {121},
	publisher = {Elsevier}
}

% Hasan√ßebi 
@inproceedings{Hasancebi2009,
	author = {Hasan{\c{c}}ebi, O. and {\c{C}}arba≈ü, S. and Do«ßan, E. and Erdal, F. and Saka, M.},
	booktitle = {Computers {\&} Structures},
	issue = {5-6},
	pages = {284-302},
	title = {{Performance Evaluation of Metaheuristic Search Techniques in the Optimum Design of Real Size Pin Jointed Structures}},
	volume = {87},
	year = {2009},
	publisher = {Elsevier}
}

% Hussein 
@inproceedings{Hussein2016,
	author = {Hussein, Rayan and Deb, Kalyanmoy},
	booktitle = {Proceedings of the Genetic and Evolutionary Computation Conference},
	pages = {573-580},
	title = {{A Generative Kriging Surrogate Model for Constrained and Unconstrained Multi-objective Optimization}},
	year = {2016}
}

% Ishibuchi
@inproceedings{Ishibuchi2005GDIGD,
	author = {Ishibuchi, Hisao and Masuda, Hiroyuki and Tanigaki, Yuki and Nojima, Yusuke},
	pages = {110-125},
	title = {{Modified Distance Calculation in Generational Distance and Inverted Generational Distance}},
	booktitle = {Proceedings of the International Conference on Evolutionary Multi-Criterion Optimization},
	year = {2005}
}

% Jones 
@inproceedings{Jones1993DIRECT,
	author = {Jones, D. and Perttunen, C. and Stuckman, B.},
	booktitle = {Journal of Optimization Theory and Applications},
	issue = {1},
	pages = {157-181},
	title = {{Lipschitzian Optimization without the Lipschitz Constant}},
	volume = {79},
	year = {1993},
	publisher = {Springer}
}

% Kaelo
@inproceedings{Kaelo2006CRS2,
	author = {Kaelo, P. and Ali, M.},
	booktile = {Journal of Optimization Theory and Applications},
	issue = {2},
	pages = {253-264},
	title = {{Some Variants of the Controlled Random Search Algorithm for Global Optimization}},
	volume = {130},
	year = {2006},
	publisher ={Springer}
}

% Knowles
@inproceedings{Knowles2002Metrics,
	author = {Knowles, Joshua and Corne, David},
	booktitle = {Proceedings of the 2002 Congress on Evolutionary Computation},
	pages = {711-716},
	title = {{On Metrics for Comparing Nondominated Sets}},
	year = {2002}
}

% Kolda 
@inproceedings{Kolda2003,
	author = {Kolda, T. G. and Lewis, R. M. and Torczon, V.},
	booktitle = {SIAM Review},
	issue = {3},
	pages = {385-482},
	title = {{Optimization by Direct Search - New Perspectives on Some Classical and Modern Methods}},
	volume = {45},
	year = {2003},
	publisher = {Society for Industrial and Applied Mathematics},
}

% Leitao 
@inproceedings{Leitao2014GD,
	author = {Leit{√£}o, A. and Santos, L. and Fernandes, R.},
	booktitle = {Proceedings of the XVII Conference of the Iberoamerican Society of Digital Graphics - SIGraDi: Knowledge-based Design},
	pages = {235-238},
	title = {{Pushing the Envelope: Stretching the Limits of Generative Design}},
	year = {2013}
}

% Machairas
@inproceedings{Machairas2014,
	author = {Machairas, Vasileios and Tsangrassoulis, Aris and Axarli, Kleo},
	booktitle = {Renewable and Sustainable Energy Reviews},
	pages = {101-112},
	title = {{Algorithms for Optimization of Building Design: A Review}},
	volume = {31},
	year = {2014},
	publisher = {Elsevier}
}

% Marler 
@article{Marler2004,
	author = {Marler, R. T. and Arora, J. S.},
	journal = {Structural and Multidisciplinary Optimization},
	issue = {6},
	pages = {369-395},
	title = {{Survey of Multi-objective Optimization Methods for Engineering}},
	volume = {26},
	year = {2004}
}

% Nabil
@inproceedings{Nabil2006,
	author = {Nabil, Azza and Mardaljevic, John},
	booktitle = {Energy {\&} Buildings},
	pages = {905-913},
	title = {{Useful Daylight Illuminances: A Replacement for Daylight Factors}},
	volume = {38},
	issue = {7},
	year = {2006},
	publisher = {Elsevier}
}

% Nelder-Mead
@inproceedings{Nelder1964,
	author = {Nelder, J. and Mead, R.},
	booktitle = {The Computer Journal},
	pages = {308-313},
	title = {{A Simplex Method for Function Minimization}},
	volume = {7},
	issue = {4},
	year = {1965},
	publisher = {Oxford University Press}
}

% Nguyen
@inproceedings{Nguyen2014,
	author = {Nguyen, Anh-Tuan and Reiter, Sigrid and Rigo, Philippe},
	booktitle = {Applied Energy},
	pages = {1043-1058},
	title = {{A Review on Simulation-Based Optimization Methods Applied to Building Performance Analysis}},
	volume = {113},
	year = {2014},
	publisher = {Elsevier}
}

@inproceedings{Oxman2006PBD,
	author = {Oxman, Rivka},
	booktitle = {Design Studies},
	pages = {229-265},
	title = {{Theory and Design in the First Digital Age}},
	volume = {27},
	issue = {3},
	year = {2006},
	publisher = {Elsevier}
}


@inproceedings{Powell1994COBYLA,
	author = {Powell, M.},
	booktitle = {Advances in Optimization and Numerical Analysis},
	editor = {Gomez, S. and Hennart, J.P},
	volume = {275},
	pages = {51-67},
	publisher = {Springer},
	title = {{A Direct Search Optimization Method That Models the Objective and Constraint Functions by Linear Interpolation}},
	year = {1994}
}

@techreport{Powell2009BOBYQA,
	author 		 = {Powell, M.},
	title 		 = {{The BOBYQA Algorithm for Bound Constrained Optimization without Derivatives}},
	institution  = {Department of Applied Mathematics and Theoretical Physics, Cambridge University},
	year         = 2009,
	note         = {DAMTP NA2009/06}
}

% Price
@article{Price1983,
	author = {Price, W. L.},
	journal = {Journal of Optimization Theory and Applications},
	issue = {3},
	pages = {333-348},
	title = {{Global Optimization by Controlled Random Search}},
	volume = {40},
	year = {1983}
}

% Regis & Shoemaker
@article{Regis2007,
	author = {Regis, Rommel G. and Shoemaker, Christine A.},
	journal = {INFORMS Journal on Computing},
	issue = {4},
	pages = {497-509},
	title = {{A Stochastic Radial Basis Function Method for the Global Optimization of Expensive Functions}},
	volume = {19},
	year = {2007}
}

% Rios 
@inproceedings{Rios2013,
	author = {Rios, L. M. and Sahinidis, N. V.},
	booktitle = {Journal of Global Optimization},
	issue = {3},
	pages = {1247-1293},
	title = {{Derivative-Free Optimization: A Review of Algorithms and Comparison of Software Implementations}},
	volume = {56},
	year = {2013},
	publisher = {Springer}
}

% Riquelme
@inproceedings{Riquelme2015,
	author = {Riquelme, Nery and Von Lucken, Christian and Baran, Benjamin},
	booktitle = {Proceedings of the Latin American Computing Conference},
	pages = {1-11},
	title = {{Performance Metrics in Multi-objective Optimization}},
	year = {2015}
}

% Rowan
@phdthesis{Rowan1990,	
	author	= {Rowan, T. H.}, 
	title	= {{Functional Stability Analysis of Numerical Algorithms}},
	school	= {Faculty of the Graduate School of the University of Texas},
	year 	= 1990
}



% Santos
@phdthesis{Santos2010,
	author = {Santos, C.},
	title = {{Parallel and Bio-Inspired Computing Applied to Analyze Microwave and Photonic Metamaterial Structures}},
	school = {Faculty of Electrical and Computer Engineering, Campinas University},
	year = 2010
}

@inproceedings{Runarsson2000, 
	author={Runarsson, T. P. and Yao, Xin}, 
	booktitle={IEEE Transactions on Evolutionary Computation}, 
	title={{Stochastic Ranking for Constrained Evolutionary Optimization}}, 
	year={2000}, 
	volume={4}, 
	issue={3}, 
	pages={284-294},
	publisher ={IEEE}
}

@article{Ho1995RDF,
	author = {Ho, Tin Kam},
	title = {Random Decision Forests},
	journal = {3rd International Conference on Document Analysis and Recognition},
	year = {1995}
} 

@inproceedings{Hansen2006,
	author = {Hansen, Nikolaus},
	booktitle = {{Towards a New Evolutionary Computation. Studies in Fuzziness and Soft Computing}},
	pages = {75-102},
	publisher = {Springer},
	title = {{The CMA Evolution Strategy: A Comparing Review}},
	volume = {192},
	year = {2006}
}

% Shannon
@article{Shannon1948,
	author = {Shannon, Claude},
	journal = {The Bell System Technical Journal},
	pages = {379-423},
	title = {{A Mathematical Theory of Communication}},
	volume = {27},
	year = {1948}
}


% Shi
@inproceedings{Shi2016,
	author = {Shi, Xing and Tian, Zhichao and Chen, Wenqiang and Si, Binghui and Jin, Xing},
	booktitle = {Renewable and Sustainable Energy Reviews},
	pages = {872-884},
	publisher = {Elsevier},
	title = {{A Review on Building Energy Efficient Design Optimization From the Perspective of Architects}},
	volume = {65},
	year = {2016}
}

% Storn
@article{Storn1997,
	author	= {Storn, Rainer and Price, Kenneth},
	title	= {Differential Evolution -- A Simple and Efficient Heuristic for Global Optimization over Continuous Spaces},
	journal	= {Journal of Global Optimization},
	year	= {1997},
	volume	= {11},
	issue	= {4},
	pages	= {341-359}
}

% Veldhuizen GD
@phdthesis{Veldhuizen1999GD,
	author = {Veldhuizen, D. V.},
	school = {Air Force Institute of Technology, Wright Patterson, Ohio},
	title = {{Multi Objective Evolutionary Algorithms: Classifications, Analysis, and New Innovations}},
	year = {1999}
}

% Waibel
@inproceedings{Waibel2018,
	author = {Waibel, Christoph and Wortmann, Thomas and Evins, Ralph and Carmeliet, Jan},
	booktitle = {Energy {\&} Buildings},
	title = {{Building Energy Optimization: An Extensive Benchmark of Global Search Algorithms}},
	volume = {187},
	pages = {218-240},
	year = {2019},
	publisher = {Elsevier}
}

% Wortmann 
@inproceedings{Wortmann2015AdvSBO,
	author = {Wortmann, Thomas and Costa, Alberto and Nannicini, Giacomo and Schroepfer, Thomas},
	booktitle = {AI EDAM},
	title = {{Advantages of Surrogate Models for Architectural Design Optimization}},
	year = {2015},
	volume = {29},
	issue = {4},
	pages = {471-481},
	publisher = {Cambridge University Press}
}

@inproceedings{Wortmann2016BBO,
	author = {Wortmann, Thomas and Nannicini, Giacomo},
	booktitle = {Proceedings of the 21st International CAADRIA Conference},
	pages = {177-186},
	title = {{Black-Box Optimisation Methods for Architectural Design}},
	year = {2016}
}

@inproceedings{Wortmann2017ADO,
	author = {Wortmann, Thomas and Nannicini, Giacomo},
	booktitle = {City Networks - Planning for Health and Sustainability},
	editor = {{Athanasia Karakitsiou, Athanasios Migdalas, Stamatina Th. Rassia}, Panos M. Pardalos},
	publisher = {Springer},
	title = {{Introduction to Architectural Design Optimization}},
	volume = {128},
	pages = {259-278},
	year = {2017}
}

@inproceedings{Wortmann2017GABESTCHOICE,
	author = {Wortmann, Thomas and Waibel, Christoph and Nannicini, Giacomo and Evins, Ralph and Schroepfer, Thomas and Carmeliet, Jan},
	booktitle = {Proceedings of the SIMAUD},
	pages = {51-58},
	title = {{Are Genetic Algorithms Really the Best Choice for Building Energy Optimization?}},
	year = {2017}
}

@inproceedings{Wortmann2017Opossum,
	author = {Wortmann, Thomas},
	booktitle = {Proceeding of the 22nd International CAADRIA Conference},
	pages = {283-292},
	title = {{Opossum: Introducing and Evaluating a Model-based Optimization Tool for Grasshopper}},
	year = {2017}
}

@inproceedings{Wortmann2017,
	author = {Wortmann, Thomas},
	booktitle = {Technology | Architecture + Design},
	issue = {2},
	pages = {176-185},
	title = {{Model-based Optimization for Architectural Design: Optimizing Daylight and Glare in Grasshopper}},
	volume = {1},
	year = {2017},
	publisher = {Taylor {\&} Francis Group}
}

% Wolpert 
@inproceedings{Wolpert1997NFLT,
	author = {Wolpert, D. and Macready, W.},
	booktitle = {IEEE Transactions on Evolutionary Computation},
	issue = {1},
	pages = {67-82},
	title = {{No Free Lunch Theorems for Optimization}},
	volume = {1},
	year = {1997},
	publisher = {IEEE}
}

% Zapotecas
@inproceedings{Zapotecas-Martinez2016,
	author = {Zapotecas-Mart{\'{i}}nez, Sa{\'{u}}l and Coello Coello, Carlos A.},
	booktitle = {Engineering Optimization},
	issue = {1},
	pages = {16-38},
	title = {{MONSS: A Multi-objective Nonlinear Simplex Search Approach}},
	volume = {48},
	year = {2016},
	publisher = {Taylor {\&} Francis Group}
}

% Tian
@inproceedings{Tian2013,
	author = {Tian, Wei},
	booktitle = {Renewable and Sustainable Energy Reviews},
	title = {{A Review of Sensitivity Analysis Methods in Building Energy Analysis}},
	volume = {20},
	year = {2013},
	pages = {411-419},
	publisher = {Elsevier}
}

% Wang
@article{Wang2005,
	author = {Wang, Weimin and Zmeureanu, Radu and Rivard, Hugues},
	journal = {Building and Environment},
	pages = {1512-1525},
	title = {Applying Multi-objective Genetic Algorithms in Green Building Design Optimization},
	volume = {40},
	issue = {11},
	year = {2005}
}

% Zhou
@inproceedings{Zhou2011,
	author = {Zhou, Aimin and Qu, Bo-yang and Li, Hui and Zhao, Shi-zheng and Nagaratnam, Ponnuthurai},
	booktitle = {Swarm and Evolutionary Computation},
	issue = {1},
	pages = {32-49},
	publisher = {Elsevier},
	title = {{Multiobjective Evolutionary Algorithms : A Survey of the State of the Art}},
	volume = {1},
	year = {2011}
}

% Zitzler
@phdthesis{Zitzler1999,
	author = {Zitzler, Eckart},
	school = {Swiss Federal Institute of Technology (ETH) Zurich},
	title = {{Evolutionary Algorithms for Multiobjective Optimization: Methods and Applications}},
	year = {1999}
}

@techreport{Zitzler2001SPEA2,
	author = {Zitzler, Eckart and Laumanns, Marco and Thiele, Lothar},
	title = {{SPEA2: Improving the Strength Pareto Evolutionary Algorithm}},
	institution  = {Swiss Federal Institute of Technology (ETH) Zurich},
	year         = 2001,
	note         = {TIK-Report 103}
}

@inproceedings{Zitzler2011HypE,
	author = {Bader, Johannes and Zitzler, Eckart},
	title = {{HypE: An Algorithm for Fast Hypervolume-Based Many-Objective Optimization}},
	booktitle = {{Evolutionary Computation}},
	publisher = {{MIT Press}},
	pages = {45-76},
	volume = {19},
	year = {2011},
	issue = {1}
}

@inproceedings{Zitzler2003Metrics,
	author = {Zitzler, Eckart and Thiele, Lothar and Laumanns, Marco and Fonseca, Carlos M and Grunert, Viviane},
	booktitle = {IEEE Transactions on Evolutionary Computation},
	issue = {2},
	pages = {117-132},
	title = {{Performance Assessment of Multiobjective Optimizers : An Analysis and Review}},
	volume = {7},
	year = {2003},
	publisher = {IEEE}
}

@inproceedings{Zitzler2000m1m3,
	author = {Zitzler, E. and Deb, K. and Thiele, L.},
	booktitle = {Evolutionary Computation},
	issue = {2},
	pages = {173-195},
	title = {{Comparison of Multiobjective Evolutionary Algorithms: Empirical Results}},
	volume = {8},
	year = {2000},
	publisher = {MIT Press}
}

@inproceedings{Zhang2007MOEAD,
	author = {Zhang, Qingfu and Li, Hui},
	booktitle = {IEEE Transactions on Evolutionary Computation},
	issue = {6},
	pages = {712-731},
	title = {{MOEA/D: A Multiobjective Evolutionary Algorithm based on Decomposition}},
	volume = {11},
	year = {2007},
	publisher = {IEEE}
}


@techreport{Zhang2009TEST,
	author = {Zhang, Qingfu and Zhou, Aimin and Zhao, Shizheng and Suganthan, Ponnuthurai Nagaratnam and Liu, Wudong},
	title = {{Multiobjective Optimization Test Instances for the CEC 2009 Special Session and Competition}},
	institution = {University of Essex, Colchester, UK and Nanyang Technological University, Singapore},
	year = {2009}
}

@phdthesis{Schott1995,
	author = {Schott, J.},
	school = {Massachusetts Institute of Technology, Boston, MA},
	title = {{Fault Tolerant Design Using Single and Multicriteria Genetic Algorithm Optimization.}},
	year = {1995}
}

@inproceedings{Li2017Rmetrics,
	author = {Li, Ke and Deb, Kalyanmoy and Yao, Xin},
	booktitle = {IEEE Transactions on Evolutionary Computation},
	issue = {6},
	pages = {821-835},
	title = {{R-Metric: Evaluating the Performance of Preference-Based Evolutionary Multi-Objective Optimization Using Reference Points}},
	volume = {22},
	year = {2017},
	publisher = {IEEE}
}

@inproceedings{Bach2015,
	author = {Bach, Sebastian and Binder, Alexander and Montavon, Gr{\'{e}}goire and Klauschen, Frederick},
	title = {{On Pixel-Wise Explanations for Non-Linear Classifier Decisions by Layer-Wise Relevance Propagation}},
	booktitle = {Public Library of Science ONE},
	year = {2015},
	publisher = {Public Library of Science},
	volume = {10},
	pages = {1-46},
	issue = {7}
}

@inproceedings{Tripathy2018,
	pages = {565-588},
	booktitle = {Journal of Computational Physics},
	author = {Tripathy, Rohit and Bilionis, Ilias},
	title = {{Deep UQ: Learning Deep Neural Network Surrogate Models for High Dimensional Uncertainty Quantification}},
	volume = {375},
	year = {2018},
	publisher = {Elsevier}
}